<record xmlns="http://www.loc.gov/MARC21/slim" xmlns:xsi="http://www.w3.org/2001/XMLSchema-instance" xsi:schemaLocation="http://www.loc.gov/MARC21/slim http://www.loc.gov/standards/marcxml/schema/MARC21slim.xsd"><leader>01604cz   2200265n  4500</leader><controlfield tag="001">oca03158018 </controlfield><controlfield tag="005">20000722064905.0</controlfield><controlfield tag="008">920423n| acannaabn          |a aaa      </controlfield><datafield ind1=" " ind2=" " tag="010"><subfield code="a">n  92045025 </subfield></datafield><datafield ind1=" " ind2=" " tag="040"><subfield code="a">DLC</subfield><subfield code="b">eng</subfield><subfield code="c">DLC</subfield><subfield code="d">DLC</subfield><subfield code="d">OCoLC</subfield><subfield code="d">NNC</subfield><subfield code="d">NNC</subfield><subfield code="d">OCoLC</subfield></datafield><datafield ind1="1" ind2=" " tag="100"><subfield code="a">Verrius Flaccus, Marcus</subfield></datafield><datafield ind1="1" ind2=" " tag="400"><subfield code="a">Flaccus, Marcus Verrius</subfield></datafield><datafield ind1="1" ind2=" " tag="400"><subfield code="a">Flaccus, Verrius</subfield></datafield><datafield ind1="0" ind2=" " tag="400"><subfield code="a">Verrius Flaccus</subfield></datafield><datafield ind1="1" ind2=" " tag="400"><subfield code="a">Flacco, Verrio,</subfield><subfield code="d">fl. ca. 10 B.C.</subfield></datafield><datafield ind1="0" ind2=" " tag="400"><subfield code="a">Verrio Flacco</subfield></datafield><datafield ind1="1" ind2=" " tag="400"><subfield code="a">Verrius Flaccus, M.</subfield><subfield code="q">(Marcus)</subfield></datafield><datafield ind1=" " ind2=" " tag="670"><subfield code="a">Festus, S.P. M. Verrij Flacci quae extant et Sex. Pompei Festi de verborum significatione libri XX, 1593:</subfield><subfield code="b">t.p. (M. Verrij Flacci ...)</subfield></datafield><datafield ind1=" " ind2=" " tag="670"><subfield code="a">Der kleine Pauly</subfield><subfield code="b">(Verrius Flaccus, M.; famous Latin grammarian of the early empire; d. at advanced age during Tiberius' reign; of his work nothing survives but fragments)</subfield></datafield><datafield ind1=" " ind2=" " tag="670"><subfield code="a">LC PA classification schedule</subfield><subfield code="b">(Verrius Flaccus, M., fl. ca. 10 B.C.; wrote De verborum significatu (lost); excerpted by Sextus Pompeius Festus and by Paulus Diaconus)</subfield></datafield><datafield ind1=" " ind2=" " tag="670"><subfield code="a">Oxford classical dict.</subfield><subfield code="b">(Flaccus, Verrius; a freedman, the most erudite of the Augustan scholars and teacher of the grandsons of Augustus; his works are now lost)</subfield></datafield><datafield ind1=" " ind2=" " tag="670"><subfield code="a">Bona, F. Contributo allo studio della composizione del De verborum significatu di Verrio Flacco, 1964:</subfield><subfield code="b">t.p. (Verrio Flacco)</subfield></datafield><datafield ind1=" " ind2=" " tag="670"><subfield code="a">The works of M. Verrius Flaccus, 1991: </subfield><subfield code="b">:PHI CD ROM #5.3, Latin Canon, bibliographic screen (M. Verrius Flaccus)</subfield></datafield><datafield ind1=" " ind2=" " tag="670"><subfield code="a">Gr. diz. UTET:</subfield><subfield code="b">v. 19, p. 392 (Verrio Flacco, Marco)</subfield></datafield><datafield ind1=" " ind2=" " tag="670"><subfield code="a">CLIO:</subfield><subfield code="b">v. 6, Autori, p. 4764 (Verrius Flaccus, Marcus)</subfield></datafield></record>